<record><leader>00000cas a2200000 a 4500</leader><controlfield tag="001">37356211</controlfield><controlfield tag="008">970725d18331834vtumr ne      0    0eng c</controlfield><datafield ind1=" " ind2=" " tag="010"><subfield code="a">sn 97067535 </subfield></datafield><datafield ind1=" " ind2=" " tag="040"><subfield code="a">NVN</subfield><subfield code="b">eng</subfield><subfield code="c">NVN</subfield><subfield code="d">OCLCQ</subfield><subfield code="d">OCLCF</subfield><subfield code="d">OCLCO</subfield></datafield><datafield ind1="1" ind2=" " tag="029"><subfield code="a">AU@</subfield><subfield code="b">000025924092</subfield></datafield><datafield ind1=" " ind2=" " tag="042"><subfield code="a">pcc</subfield></datafield><datafield ind1=" " ind2=" " tag="043"><subfield code="a">n-us-vt</subfield></datafield><datafield ind1="0" ind2="0" tag="245"><subfield code="a">Sabbath school reporter.</subfield></datafield><datafield ind1=" " ind2=" " tag="260"><subfield code="a">Windsor, Vt. :</subfield><subfield code="b">Richards and Tracy,</subfield><subfield code="c">1833-1834.</subfield></datafield><datafield ind1=" " ind2=" " tag="300"><subfield code="a">v.</subfield></datafield><datafield ind1=" " ind2=" " tag="310"><subfield code="a">Monthly</subfield></datafield><datafield ind1="0" ind2=" " tag="362"><subfield code="a">Vol. 1, no. 1 (Feb. 1833)-v. 1, no. 12 (Jan. 1834).</subfield></datafield><datafield ind1=" " ind2=" " tag="500"><subfield code="a">Contains news concerning sabbath schools throughout the United States and various other countries.</subfield></datafield><datafield ind1=" " ind2="0" tag="650"><subfield code="a">Religious newspapers and periodicals</subfield><subfield code="z">United States.</subfield></datafield><datafield ind1=" " ind2="7" tag="650"><subfield code="a">Religious newspapers and periodicals.</subfield><subfield code="2">fast</subfield><subfield code="0">(OCoLC)fst01094196</subfield></datafield><datafield ind1=" " ind2="7" tag="651"><subfield code="a">United States.</subfield><subfield code="2">fast</subfield><subfield code="0">(OCoLC)fst01204155</subfield></datafield><datafield ind1=" " ind2=" " tag="752"><subfield code="a">United States</subfield><subfield code="b">Vermont</subfield><subfield code="c">Windsor</subfield><subfield code="d">Windsor.</subfield></datafield></record>